@misc{google-sign-in, title={Google Sign In API for iOS},
url={https://developers.google.com/identity/sign-in/ios/}, journal={Google Sign-In for iOS  |  Google Developers}, publisher={Google}, author={Google}}

 @misc{pypi, title={aiohttp}, url={https://pypi.org/project/aiohttp/}, journal={PyPI}, author={PyPI}}
 
 @misc{Apple, title={Swift}, url={https://developer.apple.com/swift/}, journal={Apple Developer}, author={Apple}}
 
 @misc{Apple-ios, title={iOS 12}, url={https://developer.apple.com/ios/}, journal={iOS 12 - Apple Developer}, author={Apple}}
 
 @misc{core-data, title={Core Data}, url={https://developer.apple.com/documentation/coredata}, journal={Core Data | Apple Developer Documentation}, author={Apple}}
 
 @misc{multipeerconnectivity, title={MultipeerConnectivity}, url={https://developer.apple.com/documentation/multipeerconnectivity}, journal={MultipeerConnectivity | Apple Developer Documentation}, author={Apple}}
 
 @misc{otto_thornton, title={Bootstrap}, url={https://getbootstrap.com/}, journal={Â· The most popular HTML, CSS, and JS library in the world.}, author={Otto, Mark and Thornton, Jacob}}
 
 @misc{sqlite, title={SQLite}, url={https://sqlite.org/}, journal={SQLite Home Page}}
 
 @misc{mongodb, title={MongoDB : The most popular database for modern apps}, url={https://www.mongodb.com/}, journal={MongoDB}}
 
 @misc{open-food-facts, title={OpenFoodFacts API}, url={https://world.openfoodfacts.org/}, journal={Open Food Facts}}
